<record><leader>00000cas a2200000 a 4500</leader><controlfield tag="001">51452121</controlfield><controlfield tag="008">030115d20032003waudr ne      0   a0eng c</controlfield><datafield ind1=" " ind2=" " tag="010"><subfield code="a">  2004252359</subfield></datafield><datafield ind1=" " ind2=" " tag="040"><subfield code="a">WRJ</subfield><subfield code="b">eng</subfield><subfield code="c">WRJ</subfield><subfield code="d">OCLCQ</subfield><subfield code="d">WAU</subfield><subfield code="d">OCLCQ</subfield><subfield code="d">OCLCF</subfield><subfield code="d">OCLCO</subfield></datafield><datafield ind1="1" ind2=" " tag="029"><subfield code="a">AU@</subfield><subfield code="b">000025459369</subfield></datafield><datafield ind1=" " ind2=" " tag="042"><subfield code="a">pcc</subfield></datafield><datafield ind1=" " ind2=" " tag="043"><subfield code="a">n-us-wa</subfield></datafield><datafield ind1="0" ind2=" " tag="130"><subfield code="a">King County journal (Kent, Wash. : South County ed.)</subfield></datafield><datafield ind1="1" ind2="0" tag="245"><subfield code="a">King County journal.</subfield></datafield><datafield ind1=" " ind2=" " tag="250"><subfield code="a">South County [ed.].</subfield></datafield><datafield ind1=" " ind2=" " tag="260"><subfield code="a">[Kent, Wash.] :</subfield><subfield code="b">Northwest Media (Washington),</subfield><subfield code="c">2003.</subfield></datafield><datafield ind1=" " ind2=" " tag="300"><subfield code="a">1 v. :</subfield><subfield code="b">ill. ;</subfield><subfield code="c">58 cm.</subfield></datafield><datafield ind1=" " ind2=" " tag="310"><subfield code="a">Daily</subfield></datafield><datafield ind1="0" ind2=" " tag="362"><subfield code="a">Vol. 114, no. 180 (Jan. 14, 2003)-v. 115, no. 89 (Oct. 5, 2003).</subfield></datafield><datafield ind1=" " ind2=" " tag="580"><subfield code="a">Formed by the merger of: Eastside journal (Bellevue, Wash.); and, South county journal (Kent, Wash.).</subfield></datafield><datafield ind1=" " ind2=" " tag="580"><subfield code="a">Merged with: King County journal (Kent, Wash.: Eastside ed.), to form: King County journal (Kent, Wash. : 2003).</subfield></datafield><datafield ind1=" " ind2="0" tag="651"><subfield code="a">Kent (Wash.)</subfield><subfield code="v">Newspapers.</subfield></datafield><datafield ind1=" " ind2="0" tag="651"><subfield code="a">King County (Wash.)</subfield><subfield code="v">Newspapers.</subfield></datafield><datafield ind1=" " ind2="7" tag="655"><subfield code="a">Newspapers.</subfield><subfield code="2">fast</subfield><subfield code="0">(OCoLC)fst01423814</subfield></datafield><datafield ind1=" " ind2="7" tag="651"><subfield code="a">Washington (State)</subfield><subfield code="z">Kent.</subfield><subfield code="2">fast</subfield><subfield code="0">(OCoLC)fst01211661</subfield></datafield><datafield ind1=" " ind2="7" tag="651"><subfield code="a">Washington (State)</subfield><subfield code="z">King County.</subfield><subfield code="2">fast</subfield><subfield code="0">(OCoLC)fst01206427</subfield></datafield><datafield ind1=" " ind2=" " tag="752"><subfield code="a">United States</subfield><subfield code="b">Washington</subfield><subfield code="c">King</subfield><subfield code="d">Kent.</subfield></datafield><datafield ind1="1" ind2=" " tag="775"><subfield code="t">King County journal (Kent, Wash. : Eastside ed.)</subfield><subfield code="w">(DLC)  2004252004</subfield><subfield code="w">(OCoLC)51452103</subfield></datafield><datafield ind1="1" ind2="4" tag="780"><subfield code="t">South county journal (Kent, Wash.)</subfield><subfield code="w">(DLC)   97047113</subfield><subfield code="w">(OCoLC)36046422</subfield></datafield><datafield ind1="1" ind2="4" tag="780"><subfield code="t">Eastside journal (Bellevue, Wash.)</subfield><subfield code="w">(DLC)sn 96048695</subfield><subfield code="w">(OCoLC)35924497</subfield></datafield><datafield ind1="1" ind2="7" tag="785"><subfield code="t">King County journal (Kent, Wash. : Eastside ed.)</subfield><subfield code="w">(DLC)  2004252004</subfield><subfield code="w">(OCoLC)51452103</subfield></datafield><datafield ind1="1" ind2="7" tag="785"><subfield code="t">King County journal (Kent, Wash. : 2003)</subfield><subfield code="w">(DLC)  2004252360</subfield><subfield code="w">(OCoLC)53175767</subfield></datafield></record>